@book{Gawlas,

  title={Kontrapunkt. Podstawowe zasady.},
  author={Gawlas, J.},
  year={1964},
  publisher={Polskie Wydawnictwo Muzyczne}

}

@misc{ecjTutorials,
  author = "Developers of ECJ",
  title = "ECJ Tutorials",
	note = {\url{http://cs.gmu.edu/~eclab/projects/ecj/docs/}},
  year = "2012"
}

@misc{ecjManual,
  author = "Luke, S.",
  title = "The ECJ Owner's Manual. A User Manual for the ECJ Evolutionary Computation Library",
	note = {\url{http://cs.gmu.edu/~eclab/projects/ecj/docs/manual/manual.pdf}},
  year = "2010"
}
